<record><leader>00000cas a22000007a 4500</leader><controlfield tag="001">18311464</controlfield><controlfield tag="008">880804d19411974lauwr ne      0    0eng d</controlfield><datafield ind1=" " ind2=" " tag="010"><subfield code="a">sn 88064577 </subfield></datafield><datafield ind1=" " ind2=" " tag="040"><subfield code="a">LNP</subfield><subfield code="b">eng</subfield><subfield code="c">LNP</subfield><subfield code="d">OCLCQ</subfield></datafield><datafield ind1=" " ind2=" " tag="042"><subfield code="a">msc</subfield></datafield><datafield ind1="0" ind2="0" tag="245"><subfield code="a">Vivian's Caddo citizen.</subfield></datafield><datafield ind1="1" ind2="3" tag="246"><subfield code="a">Caddo citizen</subfield></datafield><datafield ind1=" " ind2=" " tag="260"><subfield code="a">Vivian, Caddo Parish, La. :</subfield><subfield code="b">Jules Fogel</subfield></datafield><datafield ind1=" " ind2=" " tag="300"><subfield code="a">v.</subfield></datafield><datafield ind1=" " ind2=" " tag="310"><subfield code="a">Weekly</subfield></datafield><datafield ind1="0" ind2=" " tag="362"><subfield code="a">30th year, no. 3 (Jan. 16, 1941)-57th yr., no. 32 (Aug. 7, 1969); No. 33 (Aug. 14, 1969)-no. 10 (Mar. 7, 1974).</subfield></datafield><datafield ind1=" " ind2=" " tag="515"><subfield code="a">Issues for Aug. 14, 1969-Mar. 7, 1974 lack vol. numbering and issue numbering begins each year with no. 1.</subfield></datafield><datafield ind1=" " ind2=" " tag="752"><subfield code="a">United States</subfield><subfield code="b">Louisiana</subfield><subfield code="c">Caddo</subfield><subfield code="d">Vivian.</subfield></datafield><datafield ind1="0" ind2="0" tag="780"><subfield code="t">Caddo citizen (Ida, La.)</subfield><subfield code="w">(DLC)sn 88064576</subfield></datafield><datafield ind1="0" ind2="0" tag="785"><subfield code="t">Caddo citizen (Vivian, La.)</subfield><subfield code="w">(DLC)sn 88064578</subfield></datafield></record>